@misc{SEMESCOVA,
  author       = {Paul Evans},
  title        = {Motor sem escovas: como funcionam BLDC ESC PWM [vídeo]},
  year         = {2023},
  howpublished = {\url{https://www.youtube.com/watch?v=6pSi5Vb_SPU}},
  note         = {YouTube, publicado em 16 abr. 2023. Acesso em: 06 jul. 2025}
}

@misc{MOTRCC,
  author       = {Paul Evans},
  title        = {Como funciona um motor eléctrico: Motor CC explicado [vídeo]},
  year         = {2023},
  howpublished = {\url{https://www.youtube.com/watch?v=xOMIXjivDDk}},
  note         = {YouTube, publicado em 24 jul. 2023. Acesso em: 06 jul. 2025}
}

@misc{QUEROBOLSA,
  author       = {{Miguel Bertelli}},
  title        = {Campo Magnético: o que é, fórmulas e exercícios},
  year         = {2025},
  howpublished = {\url{https://querobolsa.com.br/enem/fisica/campo-magnetico}},
  note         = {Acesso em: 08 jul. 2025}
}

@misc{BRASILESCOLA,
  author       = {Rafael Helerbrock},
  title        = {A indução eletromagnética},
  year         = {2025},
  howpublished = {\url{https://brasilescola.uol.com.br/fisica/a-inducao-eletromagnetica.htm}},
  note         = {Acesso em: 08 jul. 2025}
}

@misc{CORRENTEFOUCAULT,
  author       = {Wikipédia},
  title        = {Corrente de Foucault},
  year         = {2025},
  howpublished = {\url{https://pt.wikipedia.org/wiki/Corrente_de_Foucault#História}},
  note         = {Acesso em: 09 jul. 2025}
}

@misc{LEIFARADAY,
  author       = {Wikipédia},
  title        = {Lei de Faraday-Neumann-Lenz},
  year         = {2025},
  howpublished = {\url{https://pt.wikipedia.org/wiki/Lei_de_Faraday-Neumann-Lenz}},
  note         = {Acesso em: 09 jul. 2025}
  }

@misc{MANUALLATEX,
  author       = {Sarajane Marques Peres},
  title        = {Manual LaTeX},
  year         = {2016},
  howpublished = {\url{https://each.uspnet.usp.br/sarajane/wp-content/uploads/2016/10/manual-latex-1.pdf}},
  note         = {Acesso em: 09 jul. 2025},
  institution  = {Universidade de São Paulo, Escola de Artes, Ciências e Humanidades}
}

@misc{pepadun,
  author       = {Didik Kurniawan},
  title        = {Pepadun Journal Template},
  howpublished = {\url{https://pt.overleaf.com/latex/templates/pepadun-journal-template/snyrwnkqcpyh}},
  note         = {Acesso em: 7 jul. 2025},
  year         = {2024}
}
